101 123456789COMPANY1232509191710A094101TEST COMPANY           TEST COMPANY                   
5200TEST COMPANY              COMPANY123PPDPAYROLL  250919250919   1123456780000001           
6221234567899876543210       0000010050TEST001        Test User               00000001        
82000000010012345678000000000000000000010050COMPANY123                         123456780000001
9000001000001000000010012345678000000000000000000010050                                       
9999999999999999999999999999999999999999999999999999999999999999999999999999999999999999999999
9999999999999999999999999999999999999999999999999999999999999999999999999999999999999999999999
9999999999999999999999999999999999999999999999999999999999999999999999999999999999999999999999
9999999999999999999999999999999999999999999999999999999999999999999999999999999999999999999999
9999999999999999999999999999999999999999999999999999999999999999999999999999999999999999999999
